
@article{stein2023partial,
    author = {Stein, David and Di Gregorio, Silvia and Andres, Bjoern},
    title = {Partial Optimality in Cubic Correlation Clustering},
    journal = {ICML},
    year = {2023},
}


@article{lange2019combinatorial,
    author={Lange, Jan-Hendrik and Andres, Bjoern and Swoboda, Paul},
    title={Combinatorial persistency criteria for multicut and max-cut},
    journal={CVPR},
    year={2019}
}

@article{lange2018partial,
    author = {Lange, Jan-Hendrik and Karrenbauer, Andreas and Andres, Bjoern},
    title = {Partial Optimality and Fast Lower Bounds for Weighted Correlation
        Clustering},
    journal={ICML},
    year = {2018}
}